<collection xmlns="http://www.loc.gov/MARC21/slim">
<record>
  <leader>02062nam0a2200361 i 450 </leader>
  <controlfield tag="001">IT\ICCU\CNCE\027352</controlfield>
  <controlfield tag="005">20100224000000.0</controlfield>
  <datafield tag="012" ind1=" " ind2=" ">
    <subfield code="a">isur 50te ,&amp;de ueid (3) 1567 (R)</subfield>
    <subfield code="2">fei</subfield>
  </datafield>
  <datafield tag="100" ind1=" " ind2=" ">
    <subfield code="a">19971028d1567        0itac0103    ba</subfield>
  </datafield>
  <datafield tag="101" ind1=" " ind2=" ">
    <subfield code="a">LAT</subfield>
  </datafield>
  <datafield tag="102" ind1=" " ind2=" ">
    <subfield code="a">IT</subfield>
  </datafield>
  <datafield tag="200" ind1="1" ind2=" ">
    <subfield code="a">Tractatus quam plures criminales, nonnullorum illustrium iurisconsultorum cum summarijs sane non vulgaribus, ac indice locupletissimo nunc recens summo studio curaque peruigili castigati ...</subfield>
  </datafield>
  <datafield tag="210" ind1=" " ind2=" ">
    <subfield code="a">Venetijs</subfield>
    <subfield code="c">apud Lucam Antonium Iuntam</subfield>
    <subfield code="d">1567</subfield>
    <subfield code="e">Venetiis</subfield>
    <subfield code="g">apud Lucam Antonium Iuntam</subfield>
    <subfield code="h">1567</subfield>
  </datafield>
  <datafield tag="215" ind1=" " ind2=" ">
    <subfield code="a">\40!, 151, \1! c.</subfield>
    <subfield code="d">8ʻ</subfield>
  </datafield>
  <datafield tag="517" ind1="1" ind2=" ">
    <subfield code="3">IT\ICCU\CNCE\071394</subfield>
    <subfield code="a">Tractatus criminales</subfield>
  </datafield>
  <datafield tag="620" ind1=" " ind2=" ">
    <subfield code="a">IT</subfield>
    <subfield code="d">Venezia</subfield>
  </datafield>
  <datafield tag="712" ind1="0" ind2="0">
    <subfield code="a">Giunta, Lucantonio</subfield>
    <subfield code="c"> &lt;2.&gt;</subfield>
    <subfield code="3">IT\ICCU\CNCT\000089</subfield>
    <subfield code="4">650</subfield>
  </datafield>
  <datafield tag="791" ind1="0" ind2="0">
    <subfield code="a">Iunta, Lucas Antonius</subfield>
    <subfield code="c"> &lt;2.&gt;</subfield>
    <subfield code="3">IT\ICCU\CNCT\003893</subfield>
    <subfield code="z">Giunta, Lucantonio &lt;2.&gt;</subfield>
  </datafield>
  <datafield tag="791" ind1="0" ind2="0">
    <subfield code="a">Giunti, Lucantonio</subfield>
    <subfield code="c"> &lt;2.&gt;</subfield>
    <subfield code="3">IT\ICCU\CNCT\004932</subfield>
    <subfield code="z">Giunta, Lucantonio &lt;2.&gt;</subfield>
  </datafield>
  <datafield tag="801" ind1=" " ind2="3">
    <subfield code="a">IT</subfield>
    <subfield code="b">ICCU</subfield>
    <subfield code="c">20201114</subfield>
  </datafield>
  <datafield tag="899" ind1=" " ind2=" ">
    <subfield code="a">Archivio biblioteca museo civico. ABMC. Altamura</subfield>
    <subfield code="z">MUTILO</subfield>
    <subfield code="1">BA0004</subfield>
    <subfield code="2">BA1 34</subfield>
  </datafield>
  <datafield tag="899" ind1=" " ind2=" ">
    <subfield code="a">Biblioteca universitaria. Cagliari</subfield>
    <subfield code="1">CA0194</subfield>
    <subfield code="2">CAG UC</subfield>
  </datafield>
  <datafield tag="899" ind1=" " ind2=" ">
    <subfield code="a">Biblioteca del Seminario vescovile. Mondov</subfield>
    <subfield code="1">CN0066</subfield>
    <subfield code="2">TO0 56</subfield>
  </datafield>
  <datafield tag="899" ind1=" " ind2=" ">
    <subfield code="a">Biblioteca statale. Cremona</subfield>
    <subfield code="1">CR0062</subfield>
    <subfield code="2">LO1 28</subfield>
  </datafield>
  <datafield tag="899" ind1=" " ind2=" ">
    <subfield code="a">Biblioteca Apostolica Vaticana. Citt ̉del Vaticano</subfield>
    <subfield code="1">EX0001</subfield>
    <subfield code="2">ZCV 01</subfield>
  </datafield>
  <datafield tag="899" ind1=" " ind2=" ">
    <subfield code="a">Biblioteca pubblica e Casa della cultura. Fondazione Achille Marazza. Borgomanero</subfield>
    <subfield code="1">NO0011</subfield>
    <subfield code="2">TO0 D6</subfield>
  </datafield>
  <datafield tag="899" ind1=" " ind2=" ">
    <subfield code="a">Biblioteca civica. Padova</subfield>
    <subfield code="1">PD0090</subfield>
    <subfield code="2">PUV 55</subfield>
  </datafield>
  <datafield tag="899" ind1=" " ind2=" ">
    <subfield code="a">Biblioteca di Giurisprudenza. Sede del Seminario per le scienze giuridiche e politiche dell&apos;Universit ̉di Pisa. Pisa</subfield>
    <subfield code="1">PI0188</subfield>
    <subfield code="2">ZPI 10</subfield>
  </datafield>
  <datafield tag="899" ind1=" " ind2=" ">
    <subfield code="a">Biblioteca nazionale centrale. Roma</subfield>
    <subfield code="1">RM0267</subfield>
    <subfield code="2">BVE CR</subfield>
  </datafield>
  <datafield tag="899" ind1=" " ind2=" ">
    <subfield code="a">Biblioteca nazionale universitaria. Torino</subfield>
    <subfield code="1">TO0265</subfield>
    <subfield code="2">TO0 02</subfield>
  </datafield>
  <datafield tag="899" ind1=" " ind2=" ">
    <subfield code="a">Biblioteca comunale Leonardo Centonze. Castelvetrano</subfield>
    <subfield code="1">TP0059</subfield>
    <subfield code="2">TPS CV</subfield>
  </datafield>
  <datafield tag="911" ind1=" " ind2=" ">
    <subfield code="a">Sul front.</subfield>
    <subfield code="9">IT\ICCU\CNCM\000221</subfield>
  </datafield>
  <datafield tag="921" ind1=" " ind2=" ">
    <subfield code="a">IT\ICCU\CNCM\000221</subfield>
    <subfield code="b">Giglio fiorentino e iniziali L.A. In cornice figurata</subfield>
    <subfield code="c">Z639</subfield>
    <subfield code="d">Dimensioni: 4 x 4,5</subfield>
    <subfield code="f">GIGLIO</subfield>
    <subfield code="f">LA</subfield>
    <subfield code="g">1562-1582</subfield>
  </datafield>
</record>
</collection>
